<?xml version='1.0' encoding='UTF-8'?>
<record xmlns="http://www.loc.gov/MARC21/slim">
  <leader>01198cam a2200253 a 4500</leader>
  <controlfield tag="001">784713</controlfield>
  <controlfield tag="003">NjP</controlfield>
  <controlfield tag="005">20170905104515.0</controlfield>
  <controlfield tag="008">840822s1982    ir            001|0 ara d</controlfield>
  <datafield tag="024" ind1="7" ind2=" ">
    <subfield code="a">princeton_aco001458</subfield>
    <subfield code="2">local</subfield>
  </datafield>
  <datafield ind1=" " ind2=" " tag="035">
    <subfield code="a">(OCoLC)27444138</subfield>
  </datafield>
  <datafield ind1=" " ind2=" " tag="035">
    <subfield code="a">(CStRLIN)NJPG84-B46751</subfield>
  </datafield>
  <datafield ind1=" " ind2=" " tag="035">
    <subfield code="9">ADS8076TS</subfield>
  </datafield>
  <datafield ind1=" " ind2=" " tag="035">
    <subfield code="a">784713</subfield>
  </datafield>
  <datafield ind1=" " ind2=" " tag="040">
    <subfield code="a">NjP</subfield>
    <subfield code="c">NjP</subfield>
  </datafield>
  <datafield ind1="2" ind2=" " tag="100">
    <subfield code="a">Fayḍ al-Kāshī, Muḥammad ibn Murtaḍá,</subfield>
    <subfield code="d">1598 or 1599-1680 or 1681.</subfield>
    <subfield code="0">http://id.loc.gov/authorities/names/n80032186</subfield>
  </datafield>
  <datafield ind1="1" ind2="3" tag="245">
    <subfield code="a">al-Fahāris al-fannīyah li-Maḥajjat al-bayḍāʾ fī tahdhīb al-Iḥyāʾ /</subfield>
    <subfield code="c">taʾlīf Muḥammad ibn al-Murtaḍá al-madʻūw bi-al-Mawlá Muḥsin al-Kāshānī ; rattabahā wa-naẓẓamahā ʻAlī Akbar al-Ghaffārī.</subfield>
  </datafield>
  <datafield ind1=" " ind2=" " tag="260">
    <subfield code="a">Qum :</subfield>
    <subfield code="b">Jamāʻat al-Mudarrisīn fī al-Ḥawzah al-ʻIlmīyah,</subfield>
    <subfield code="c">1361 [1982]</subfield>
  </datafield>
  <datafield ind1=" " ind2=" " tag="300">
    <subfield code="a">87 p. ;</subfield>
    <subfield code="c">24 cm.</subfield>
  </datafield>
  <datafield ind1=" " ind2="0" tag="650">
    <subfield code="a">Shīʻah</subfield>
    <subfield code="x">Early works to 1800</subfield>
    <subfield code="x">Indexes.</subfield>
  </datafield>
  <datafield ind1=" " ind2="0" tag="650">
    <subfield code="a">Shīʻah</subfield>
    <subfield code="x">Apologetic works</subfield>
    <subfield code="x">Early works to 1800</subfield>
    <subfield code="x">Indexes.</subfield>
  </datafield>
  <datafield ind1="1" ind2=" " tag="700">
    <subfield code="a">Ghaffārī, ʻAlī Akbar.</subfield>
  </datafield>
  <datafield ind1=" " ind2=" " tag="911">
    <subfield code="a">19930311</subfield>
  </datafield>
  <datafield ind1=" " ind2=" " tag="912">
    <subfield code="a">19930203000000.0</subfield>
  </datafield>
  <datafield ind1=" " ind2=" " tag="998">
    <subfield code="a">02/03/93</subfield>
    <subfield code="s">9118</subfield>
    <subfield code="n">NjP</subfield>
    <subfield code="w">NJPG84B46751</subfield>
    <subfield code="d">08/22/84</subfield>
    <subfield code="c">KC</subfield>
    <subfield code="b">KC</subfield>
    <subfield code="i">930203</subfield>
    <subfield code="l">NJPG</subfield>
  </datafield>
  <datafield ind1="0" ind2="0" tag="852">
    <subfield code="0">886909</subfield>
    <subfield code="b">nec</subfield>
    <subfield code="t">1</subfield>
    <subfield code="h">BP193.3</subfield>
    <subfield code="i">.F393 1982</subfield>
  </datafield>
  <datafield ind1=" " ind2=" " tag="959">
    <subfield code="a">2000-06-13 00:00:00 -0400</subfield>
  </datafield>
</record>
